@misc{carauma,
    author = {Janderson Gomes},
    title = {Caraumã},
    note = {Disponível em Overleaf},
    url = {https://www.overleaf.com/latex/templates/carauma/pjksmbfyrnkr},
    year = {2021}
}

